@Article{murphey-te2006,
  author =       {T. D. Murphey},
  title =        {Teaching Rigid Body Mechanics Using Student-Created Virtual Environments},
  journal =      {IEEE Transactions on Education},
  year =         2006,
  OPTvolume =       23,
  OPTnumber =       {7/8},
  OPTpages =        {763-782},
  OPTmonth =        {July},
  OPTnote = {Submitted}
}


@InProceedings{murphey-ace2006,
  author =       {T.D. Murphey and J. Falcon},
  title =        {PROGRAMMING FROM THE GROUND UP IN CONTROLS LABORATORIES USING 
                  GRAPHICAL PROGRAMMING},
  booktitle =    {Proceedings of the IFAC Advances in Control Education (ACE)},
  OPTcrossref =  {},
  OPTkey =       {},
  OPTpages =     {},
  year =         {2006},
  OPTeditor =    {},
  OPTvolume =    {},
  OPTnumber =    {},
  OPTseries =    {},
  OPTaddress =   {},
  OPTmonth =     {},
  OPTorganization = {},
  OPTpublisher = {},
  OPTnote =      {},
  OPTannote =    {}
}


@Manual{haugen_labview,
  title =        {Introduction to LabVIEW},
  author =       {Finn Haugen},
  organization = {TechTeach},
  address =      {www.techteach.no/labview/},
  year      = 2005
}
